@phdthesis{main_thesis,
  author      = {Marchesi, Andrea Alberto and Bruschi, Francesco},
  school      = {Politecnico di Milano},
  title       = {Rewarding gaming achievements in a decentralized way},
  year        = {2022}
}

@article{fair_lootboxes,
  author      = {Carvalho, Arthur},
  journal      = {Miami University},
  title       = {Bringing Transparency and Trustworthiness to Loot Boxes with Blockchain and Smart Contracts},
  year        = {2021}
}

@article{CAP_theorem,
  author = {Gilbert, Seth and Lynch, Nancy Ann},
  journal = {Massachussets Institute of Technology},
  title = {Perspective on the CAP Theorem},
  year = {2012}
}

@article{bitcoin_seminal,
  author = {Nakamoto, Satoshi},
  journal = {bitcoin.org},
  title = {Bitcoin: A Peer-to-Peer Electronic Cash System},
  year = {2009}
}

@article{bitcoin_fees,
  author = {Easley, David and O'Hara, Maureen and Basu, Soumya},
  journal = {Cornell University},
  title = {From mining to markets: The evolution of bitcoin transaction fees},
  year = {2018}
}

@article{bitcoin_transactions,
  author = {Atzei, Nicola and Bartoletti, Massimo},
  journal = {Univerist√† degli Studi di Trento/Cagliari},
  title = {A formal model of Bitcoin transactions},
  year = {2013}
}

@article{bitcoin_full_nodes,
  author = {Zohar, Aviv},
  journal = {acm},
  title = {Bitcoin: Under the Hood},
  year = {2015},
  pages = {9}
}

@article{quantum_computing_attacks,
  author = {Aggarwal, Divesh and Brennen, Gavin},
  journal = {Centre of Quantum Technologies Singapore},
  title = {Quantum attacks on Bitcoin, and how to protect against them},
  year = {2017},
  pages = {8}
}

@misc{ethereum_state_channels,
  author = {minimalsm},
  title = {State channels},
  year = {2023},
  howpublished = {\url{https://ethereum.org/en/developers/docs/scaling/state-channels/#:~:text=State%20channels%20allow%20participants%20to,open%20and%20close%20the%20channel.}}
}

@misc{optimistic_rollups,
  author = {EthereumCommunity},
  title = {Optimistic rollups},
  year = {2023},
  howpublished = {\url{https://ethereum.org/en/developers/docs/scaling/optimistic-rollups/}}
}

@misc{zk_rollups,
  author = {d1onys1us},
  title = {Zero-knowledge rollups},
  year = {2023},
  howpublished = {\url{https://ethereum.org/en/developers/docs/scaling/zk-rollups/}}
}

@misc{ethereum_scaling,
  author = {corwintines},
  title = {Scaling},
  year = {2023},
  howpublished = {\url{https://ethereum.org/en/developers/docs/scaling/}}
}

@misc{ethereum_bridges,
  author = {alemanaa},
  title = {Bridges},
  year = {2022},
  howpublished = {\url{https://ethereum.org/en/developers/docs/bridges/}}
}

@misc{ethereum_merkle_proof,
  author = {Pomerantz, Ori},
  title = {Merkle proofs for offline data integrity},
  year = {2021},
  howpublished = {\url{https://ethereum.org/en/developers/tutorials/merkle-proofs-for-offline-data-integrity/}}
}

@article{ethereum_merkle_trees,
  author = {Buterin, Vitalik},
  title = {Ethereum: A Next-Generation Smart Contract and Decentralized Application Platform},
  journal = {Ethereum website},
  year = {2014},
  pages = {9-10}
}

@misc{ethereum_layer2,
  author = {EthereumCommunity},
  title = {Ethereum layer 2},
  year = {2022},
  howpublished = {\url{https://ethereum.org/en/layer-2/}}
}

@misc{blockchain_trilemma,
  author = {Musharraf, Mohammad},
  title = {What is the Blockchain Trilemma},
  year = {2021},
  howpublished = {\url{https://www.ledger.com/academy/what-is-the-blockchain-trilemma}}
}

@misc{plonk,
  author = {Buterin, Vitalik},
  title = {Understanding PLONK},
  year = {2019},
  howpublished = {\url{https://vitalik.ca/general/2019/09/22/plonk.html}}
}

@article{zk-stark,
  author = {Berentsen, Aleksander and Lenzi, Jeremias and Nyffenegger, Remo},
  journal = {SSRN},
  title = {A Walk-Through of a Simple zk-STARK Proof},
  year = {2022}
}

@misc{starknet_actors,
  author = {StarknetCommunity},
  title = {Starknet's Structure: Sequencers, Provers, and Nodes},
  year = {2022},
  howpublished = {\url{https://book.starknet.io/chapter_4/topology.html}}
}

@misc{starknet_account_abstraction,
  author = {StarknetCommunity},
  title = {Account Abstraction},
  year = {2023},
  howpublished = {\url{https://book.starknet.io/chapter_5/index.html}}
}

@misc{cairo_documentation,
  author = {CairoCommunity},
  title = {Cairo documentation},
  year = {2023},
  howpublished = {\url{https://book-cairo-lang.org}}
}

@misc{account_abstraction,
  author = {Awosika, Emmanuel},
  title = {Account Abstraction: Past, Present, Future},
  year = {2023},
  howpublished = {\url{https://metamask.io/news/latest/account-abstraction-past-present-future/}}
}

@misc{lootboxes_computer_ethics,
  author = {Falcone, Lapo},
  title = {Loot boxes are gambling},
  year = {2023},
  howpublished = {\url{https://docs.google.com/presentation/d/11YnzHm33CbXt3qrp9v2pxWxf2oTpD9RE/edit?usp=sharing&ouid=116576255526134259427&rtpof=true&sd=true}}
}

@article{intermittent_reinforcement,
  author = {Skinner, Burrhus Frederic},
  journal = {Amer. Psychol},
  title = {Intermittent reinforcement},
  year = {1950}
}